<record><leader>00000cas a22000007a 4500</leader><controlfield tag="001">17294017</controlfield><controlfield tag="008">871230d19842005waudn ne      0   a0eng d</controlfield><datafield ind1=" " ind2=" " tag="010"><subfield code="a">sn 87093472 </subfield></datafield><datafield ind1=" " ind2=" " tag="040"><subfield code="a">SLZ</subfield><subfield code="b">eng</subfield><subfield code="c">SLZ</subfield><subfield code="d">NSD</subfield><subfield code="d">WAU</subfield><subfield code="d">OCLCQ</subfield><subfield code="d">WAU</subfield><subfield code="d">OCLCQ</subfield><subfield code="d">OCLCF</subfield></datafield><datafield ind1=" " ind2=" " tag="012"><subfield code="m">1</subfield></datafield><datafield ind1=" " ind2=" " tag="019"><subfield code="a">990545364</subfield></datafield><datafield ind1="1" ind2=" " tag="022"><subfield code="a">1050-3692</subfield><subfield code="l">1050-3692</subfield><subfield code="2">1</subfield></datafield><datafield ind1="1" ind2=" " tag="029"><subfield code="a">AU@</subfield><subfield code="b">000025789058</subfield></datafield><datafield ind1="1" ind2=" " tag="029"><subfield code="a">NZ1</subfield><subfield code="b">16053220</subfield></datafield><datafield ind1=" " ind2=" " tag="032"><subfield code="a">063980</subfield><subfield code="b">USPS</subfield></datafield><datafield ind1=" " ind2=" " tag="037"><subfield code="b">The Sun, Circulation Office, 545 5th St., Bremerton, WA 98310</subfield></datafield><datafield ind1=" " ind2=" " tag="042"><subfield code="a">msc</subfield><subfield code="a">nsdp</subfield></datafield><datafield ind1=" " ind2=" " tag="043"><subfield code="a">n-us-wa</subfield></datafield><datafield ind1="0" ind2=" " tag="130"><subfield code="a">Sun (Bremerton, Wash.)</subfield></datafield><datafield ind1=" " ind2="4" tag="222"><subfield code="a">The Sun</subfield><subfield code="b">(Bremerton, Wash.)</subfield></datafield><datafield ind1="1" ind2="4" tag="245"><subfield code="a">The sun.</subfield></datafield><datafield ind1=" " ind2=" " tag="260"><subfield code="a">Bremerton, Wash. :</subfield><subfield code="b">Bremerton Sun Pub. Co.,</subfield><subfield code="c">1984-2005.</subfield></datafield><datafield ind1=" " ind2=" " tag="300"><subfield code="a">v. :</subfield><subfield code="b">ill. ;</subfield><subfield code="c">58 cm.</subfield></datafield><datafield ind1=" " ind2=" " tag="310"><subfield code="a">Daily (except Sunday)</subfield></datafield><datafield ind1="0" ind2=" " tag="362"><subfield code="a">Vol. 85, no. 48 (June 1, 1984)-v. 84, no. 142 (May 21, 2005).</subfield></datafield><datafield ind1=" " ind2=" " tag="500"><subfield code="a">"Covering Kitsap and North Mason counties."</subfield></datafield><datafield ind1=" " ind2="0" tag="651"><subfield code="a">Bremerton (Wash.)</subfield><subfield code="v">Newspapers.</subfield></datafield><datafield ind1=" " ind2="0" tag="651"><subfield code="a">Kitsap County (Wash.)</subfield><subfield code="v">Periodicals.</subfield></datafield><datafield ind1=" " ind2="0" tag="651"><subfield code="a">Mason County (Wash.)</subfield><subfield code="v">Periodicals.</subfield></datafield><datafield ind1=" " ind2="7" tag="655"><subfield code="a">Newspapers.</subfield><subfield code="2">fast</subfield><subfield code="0">(OCoLC)fst01423814</subfield></datafield><datafield ind1=" " ind2="7" tag="655"><subfield code="a">Periodicals.</subfield><subfield code="2">fast</subfield><subfield code="0">(OCoLC)fst01411641</subfield></datafield><datafield ind1=" " ind2="7" tag="651"><subfield code="a">Washington (State)</subfield><subfield code="z">Bremerton.</subfield><subfield code="2">fast</subfield><subfield code="0">(OCoLC)fst01215424</subfield></datafield><datafield ind1=" " ind2="7" tag="651"><subfield code="a">Washington (State)</subfield><subfield code="z">Kitsap County.</subfield><subfield code="2">fast</subfield><subfield code="0">(OCoLC)fst01215423</subfield></datafield><datafield ind1=" " ind2="7" tag="651"><subfield code="a">Washington (State)</subfield><subfield code="z">Mason County.</subfield><subfield code="2">fast</subfield><subfield code="0">(OCoLC)fst01205846</subfield></datafield><datafield ind1=" " ind2=" " tag="752"><subfield code="a">United States</subfield><subfield code="b">Washington</subfield><subfield code="c">Kitsap</subfield><subfield code="d">Bremerton.</subfield></datafield><datafield ind1="0" ind2="0" tag="780"><subfield code="t">Bremerton sun</subfield><subfield code="w">(DLC)sn 87093470</subfield></datafield><datafield ind1="0" ind2="0" tag="785"><subfield code="t">Kitsap sun</subfield><subfield code="w">(DLC)  2005252479</subfield><subfield code="w">(OCoLC)60449235</subfield></datafield></record>